% This file was created with JabRef 2.6.
% Encoding: ISO8859_1

@ARTICLE{upper1974,
  author = {Upper, D},
  title = {The unsuccessful self-treatment of a case of ``writer's block''},
  journal = {Journal of Applied Behavior Analysis},
  year = {1974},
  volume = {7},
  pages = {497},
  number = {3},
  __markedentry = {[rob]},
  issn = {0021-8855},
  keywords = {funny},
  owner = {rob},
  refid = {citeulike:8348695},
  timestamp = {2013.02.10},
  url = {http://dx.doi.org/10.1901/jaba.1974.7-497a}
}

@comment{jabref-meta: selector_publisher:}

@comment{jabref-meta: selector_author:}

@comment{jabref-meta: selector_journal:}

@comment{jabref-meta: selector_keywords:}

